{
  "leader": "05568cam a2200697 a 4500",
  "fields": [
    {
      "001": "ocm20628084\\"
    },
    {
      "003": "OCoLC"
    },
    {
      "005": "20220105141006.0"
    },
    {
      "008": "891030s1990\\\\\\\\nyua\\\\\\\\\\b\\\\\\\\001\\0\\eng\\\\"
    },
    {
      "010": {
        "ind1": "\\",
        "ind2": "\\",
        "subfields": [
          {
            "a": "   89018297 "
          }
        ]
      }
    },
    {
      "040": {
        "ind1": "\\",
        "ind2": "\\",
        "subfields": [
          {
            "a": "DLC"
          },
          {
            "b": "eng"
          },
          {
            "c": "DLC"
          },
          {
            "d": "XY4"
          },
          {
            "d": "BAKER"
          },
          {
            "d": "NLGGC"
          },
          {
            "d": "BTCTA"
          },
          {
            "d": "YDXCP"
          },
          {
            "d": "OCLCG"
          },
          {
            "d": "EAU"
          },
          {
            "d": "OCLCQ"
          },
          {
            "d": "ZWZ"
          },
          {
            "d": "CKL"
          },
          {
            "d": "YVO"
          },
          {
            "d": "GEBAY"
          },
          {
            "d": "GVA"
          },
          {
            "d": "OCLCQ"
          },
          {
            "d": "OCLCF"
          },
          {
            "d": "OCLCQ"
          },
          {
            "d": "OCLCO"
          },
          {
            "d": "DEBBG"
          },
          {
            "d": "OCLCO"
          },
          {
            "d": "KOL"
          },
          {
            "d": "XFH"
          },
          {
            "d": "OCLCO"
          },
          {
            "d": "OCL"
          },
          {
            "d": "SAV"
          },
          {
            "d": "PX9"
          },
          {
            "d": "BRL"
          },
          {
            "d": "YT6"
          },
          {
            "d": "CPO"
          },
          {
            "d": "TYC"
          },
          {
            "d": "OCLCO"
          },
          {
            "d": "XFF"
          },
          {
            "d": "IAI"
          },
          {
            "d": "CBA"
          },
          {
            "d": "DKC"
          },
          {
            "d": "WLU"
          },
          {
            "d": "OCLCA"
          },
          {
            "d": "NJT"
          },
          {
            "d": "OCLCA"
          },
          {
            "d": "UKROH"
          },
          {
            "d": "MM9"
          },
          {
            "d": "OCLCQ"
          },
          {
            "d": "OCLCO"
          },
          {
            "d": "OCLCQ"
          },
          {
            "d": "OCLCO"
          }
        ]
      }
    },
    {
      "019": {
        "ind1": "\\",
        "ind2": "\\",
        "subfields": [
          {
            "a": "82294818"
          },
          {
            "a": "936059257"
          },
          {
            "a": "988493957"
          },
          {
            "a": "1120848914"
          },
          {
            "a": "1167058255"
          },
          {
            "a": "1228899292"
          },
          {
            "a": "1229937700"
          },
          {
            "a": "1230468410"
          },
          {
            "a": "1231454598"
          },
          {
            "a": "1232074518"
          }
        ]
      }
    },
    {
      "020": {
        "ind1": "\\",
        "ind2": "\\",
        "subfields": [
          {
            "a": "0553057340"
          }
        ]
      }
    },
    {
      "020": {
        "ind1": "\\",
        "ind2": "\\",
        "subfields": [
          {
            "a": "9780553057348"
          }
        ]
      }
    },
    {
      "020": {
        "ind1": "\\",
        "ind2": "\\",
        "subfields": [
          {
            "a": "0553352326"
          }
        ]
      }
    },
    {
      "020": {
        "ind1": "\\",
        "ind2": "\\",
        "subfields": [
          {
            "a": "9780553352320"
          }
        ]
      }
    },
    {
      "035": {
        "ind1": "\\",
        "ind2": "\\",
        "subfields": [
          {
            "a": "(OCoLC)20628084"
          },
          {
            "z": "(OCoLC)82294818"
          },
          {
            "z": "(OCoLC)936059257"
          },
          {
            "z": "(OCoLC)988493957"
          },
          {
            "z": "(OCoLC)1120848914"
          },
          {
            "z": "(OCoLC)1167058255"
          },
          {
            "z": "(OCoLC)1228899292"
          },
          {
            "z": "(OCoLC)1229937700"
          },
          {
            "z": "(OCoLC)1230468410"
          },
          {
            "z": "(OCoLC)1231454598"
          },
          {
            "z": "(OCoLC)1232074518"
          }
        ]
      }
    },
    {
      "043": {
        "ind1": "\\",
        "ind2": "\\",
        "subfields": [
          {
            "a": "n-us---"
          }
        ]
      }
    },
    {
      "050": {
        "ind1": "0",
        "ind2": "0",
        "subfields": [
          {
            "a": "E185.61"
          },
          {
            "b": ".H224 1990"
          }
        ]
      }
    },
    {
      "060": {
        "ind1": "\\",
        "ind2": "4",
        "subfields": [
          {
            "a": "323 .1196 H232v"
          }
        ]
      }
    },
    {
      "082": {
        "ind1": "0",
        "ind2": "4",
        "subfields": [
          {
            "a": "323.1196073"
          },
          {
            "b": "VOI"
          }
        ]
      }
    },
    {
      "245": {
        "ind1": "0",
        "ind2": "0",
        "subfields": [
          {
            "a": "Voices of freedom :"
          },
          {
            "b": "an oral history of the civil rights movement from the 1950s through the 1980s /"
          },
          {
            "c": "[compiled by] Henry Hampton and Steve Fayer with Sarah Flynn."
          }
        ]
      }
    },
    {
      "260": {
        "ind1": "\\",
        "ind2": "\\",
        "subfields": [
          {
            "a": "New York :"
          },
          {
            "b": "Bantam Books,"
          },
          {
            "c": "\u00a91990."
          }
        ]
      }
    },
    {
      "300": {
        "ind1": "\\",
        "ind2": "\\",
        "subfields": [
          {
            "a": "xxviii, 692 pages :"
          },
          {
            "b": "illustrations ;"
          },
          {
            "c": "25 cm"
          }
        ]
      }
    },
    {
      "336": {
        "ind1": "\\",
        "ind2": "\\",
        "subfields": [
          {
            "a": "text"
          },
          {
            "b": "txt"
          },
          {
            "2": "rdacontent"
          }
        ]
      }
    },
    {
      "337": {
        "ind1": "\\",
        "ind2": "\\",
        "subfields": [
          {
            "a": "unmediated"
          },
          {
            "b": "n"
          },
          {
            "2": "rdamedia"
          }
        ]
      }
    },
    {
      "338": {
        "ind1": "\\",
        "ind2": "\\",
        "subfields": [
          {
            "a": "volume"
          },
          {
            "b": "nc"
          },
          {
            "2": "rdacarrier"
          }
        ]
      }
    },
    {
      "386": {
        "ind1": "\\",
        "ind2": "\\",
        "subfields": [
          {
            "n": "eth"
          },
          {
            "a": "African Americans"
          },
          {
            "2": "lcdgt"
          }
        ]
      }
    },
    {
      "386": {
        "ind1": "\\",
        "ind2": "\\",
        "subfields": [
          {
            "n": "nat"
          },
          {
            "a": "Americans"
          },
          {
            "2": "lcdgt"
          }
        ]
      }
    },
    {
      "504": {
        "ind1": "\\",
        "ind2": "\\",
        "subfields": [
          {
            "a": "Includes bibliographical references (pages 665-670)."
          }
        ]
      }
    },
    {
      "505": {
        "ind1": "0",
        "ind2": "\\",
        "subfields": [
          {
            "a": "Emmett Till, 1955: \"I wanted the whole world to see\" -- Montgomery bus boycott, 1955-1956: \"Like a revival starting\" -- Little Rock crisis, 1957-1958: \"I had cracked the wall\" -- Student sit-ins in Nashville, 1960: \"Badge of honor\" -- Freedom rides, 1961: \"Sticks and bricks\" -- Albany, Georgia, 1961-1962: \"Mother lode\" -- James Meredith enters Ole Miss, 1962: \"Things would never be the same\" -- Birmingham, 1963: \"Something has got to change\" -- Organizing in Mississippi, 1961-1963: \"The reality of what we were doing hit me\" -- March on Washington, 1963: \"They voted with their feet\" -- Sixteenth Street Church bombing, 1963: \"You realized how intense the opposition was\" -- Mississippi Freedom Summer, 1964: \"Representation and the right to participate\" -- Selma, 1965: \"Troopers, advance\" -- Malcolm X (1925-1965): \"Our own black shining prince!\" -- Lowndes County Freedom Organization, 1965-1966: \"Vote for the Panther, then go home\" -- Meredith march, 1966: \"Hit them now\" -- Chicago, 1966: \"Chicago was a symbol\" -- Muhammad Ali, 1964-1967: \"I am the greatest\" -- King and Vietnam, 1965-1967: \"His philosophy made it impossible not to take a stand\" -- Birth of the Black Panthers, 1966-1967: \"We wanted control\" -- Detroit, 1967: \"Inside most black people there was a time bomb\" -- Election of Carl Stokes: \"We had to be organized\" -- Howard University, 1967-1968: \"You saw the silhouette of her Afro\" -- King's last crusade, 1967-1968: \"We've got some difficult days ahead\" -- Resurrection City, 1968: \"The end of a major battle\" -- Ocean Hill-Brownsville, 1967-1968: \"Everything became more political\" -- Black Panthers, 1968-1969: \"How serious and deadly the game\" -- Attica and prisoners' rights, 1971: \"There's always time to die\" -- Gary convention, 1972: \"Unity without uniformity\" -- Busing in Boston, 1974-1976: \"As if some alien was coming into the school\" -- Atlanta and affirmative action, 1973-1980: \"Politics of inclusion\" -- Epilogue: From Miami to America's future."
          }
        ]
      }
    },
    {
      "520": {
        "ind1": "\\",
        "ind2": "\\",
        "subfields": [
          {
            "a": "Eyewitness accounts of three decades of civil rights history."
          }
        ]
      }
    },
    {
      "650": {
        "ind1": "\\",
        "ind2": "0",
        "subfields": [
          {
            "a": "African Americans"
          },
          {
            "x": "Civil rights"
          },
          {
            "x": "History"
          },
          {
            "y": "20th century"
          },
          {
            "v": "Sources."
          }
        ]
      }
    },
    {
      "650": {
        "ind1": "\\",
        "ind2": "0",
        "subfields": [
          {
            "a": "Civil rights movements"
          },
          {
            "z": "United States"
          },
          {
            "x": "History"
          },
          {
            "y": "20th century."
          }
        ]
      }
    },
    {
      "651": {
        "ind1": "\\",
        "ind2": "0",
        "subfields": [
          {
            "a": "United States"
          },
          {
            "x": "Race relations"
          },
          {
            "v": "Sources."
          }
        ]
      }
    },
    {
      "650": {
        "ind1": "\\",
        "ind2": "0",
        "subfields": [
          {
            "a": "African Americans"
          },
          {
            "x": "History"
          },
          {
            "y": "1877-1964"
          },
          {
            "v": "Sources."
          }
        ]
      }
    },
    {
      "650": {
        "ind1": "\\",
        "ind2": "0",
        "subfields": [
          {
            "a": "African Americans"
          },
          {
            "x": "History"
          },
          {
            "y": "1964-"
          },
          {
            "v": "Sources."
          }
        ]
      }
    },
    {
      "650": {
        "ind1": "\\",
        "ind2": "0",
        "subfields": [
          {
            "a": "Oral history."
          }
        ]
      }
    },
    {
      "650": {
        "ind1": "\\",
        "ind2": "7",
        "subfields": [
          {
            "a": "African Americans."
          },
          {
            "2": "fast"
          },
          {
            "0": "(OCoLC)fst00799558"
          }
        ]
      }
    },
    {
      "650": {
        "ind1": "\\",
        "ind2": "7",
        "subfields": [
          {
            "a": "African Americans"
          },
          {
            "x": "Civil rights."
          },
          {
            "2": "fast"
          },
          {
            "0": "(OCoLC)fst00799575"
          }
        ]
      }
    },
    {
      "650": {
        "ind1": "\\",
        "ind2": "7",
        "subfields": [
          {
            "a": "Civil rights movements."
          },
          {
            "2": "fast"
          },
          {
            "0": "(OCoLC)fst00862708"
          }
        ]
      }
    },
    {
      "650": {
        "ind1": "\\",
        "ind2": "7",
        "subfields": [
          {
            "a": "Oral history."
          },
          {
            "2": "fast"
          },
          {
            "0": "(OCoLC)fst01047055"
          }
        ]
      }
    },
    {
      "650": {
        "ind1": "\\",
        "ind2": "7",
        "subfields": [
          {
            "a": "Race relations."
          },
          {
            "2": "fast"
          },
          {
            "0": "(OCoLC)fst01086509"
          }
        ]
      }
    },
    {
      "651": {
        "ind1": "\\",
        "ind2": "7",
        "subfields": [
          {
            "a": "United States."
          },
          {
            "2": "fast"
          },
          {
            "0": "(OCoLC)fst01204155"
          }
        ]
      }
    },
    {
      "648": {
        "ind1": "\\",
        "ind2": "7",
        "subfields": [
          {
            "a": "Since 1877"
          },
          {
            "2": "fast"
          }
        ]
      }
    },
    {
      "655": {
        "ind1": "\\",
        "ind2": "0",
        "subfields": [
          {
            "a": "Oral history."
          }
        ]
      }
    },
    {
      "655": {
        "ind1": "\\",
        "ind2": "7",
        "subfields": [
          {
            "a": "Oral histories."
          },
          {
            "2": "fast"
          },
          {
            "0": "(OCoLC)fst01726295"
          }
        ]
      }
    },
    {
      "655": {
        "ind1": "\\",
        "ind2": "7",
        "subfields": [
          {
            "a": "History."
          },
          {
            "2": "fast"
          },
          {
            "0": "(OCoLC)fst01411628"
          }
        ]
      }
    },
    {
      "655": {
        "ind1": "\\",
        "ind2": "7",
        "subfields": [
          {
            "a": "Sources."
          },
          {
            "2": "fast"
          },
          {
            "0": "(OCoLC)fst01423900"
          }
        ]
      }
    },
    {
      "655": {
        "ind1": "\\",
        "ind2": "7",
        "subfields": [
          {
            "a": "Oral histories."
          },
          {
            "2": "lcgft"
          }
        ]
      }
    },
    {
      "700": {
        "ind1": "1",
        "ind2": "\\",
        "subfields": [
          {
            "a": "Hampton, Henry,"
          },
          {
            "d": "1940-1998."
          }
        ]
      }
    },
    {
      "700": {
        "ind1": "1",
        "ind2": "\\",
        "subfields": [
          {
            "a": "Fayer, Steve,"
          },
          {
            "d": "1935-"
          }
        ]
      }
    },
    {
      "700": {
        "ind1": "1",
        "ind2": "\\",
        "subfields": [
          {
            "a": "Flynn, Sarah,"
          },
          {
            "d": "1950-"
          }
        ]
      }
    },
    {
      "776": {
        "ind1": "0",
        "ind2": "8",
        "subfields": [
          {
            "i": "Online version:"
          },
          {
            "t": "Voices of freedom."
          },
          {
            "d": "New York : Bantam Books, \u00a91990"
          },
          {
            "w": "(OCoLC)556411531"
          }
        ]
      }
    },
    {
      "776": {
        "ind1": "0",
        "ind2": "8",
        "subfields": [
          {
            "i": "Online version:"
          },
          {
            "t": "Voices of freedom."
          },
          {
            "d": "New York : Bantam Books, \u00a91990"
          },
          {
            "w": "(OCoLC)608771885"
          }
        ]
      }
    },
    {
      "856": {
        "ind1": "4",
        "ind2": "1",
        "subfields": [
          {
            "3": "Table of contents"
          },
          {
            "u": "http://bvbr.bib-bvb.de:8991/F?func=service&doc_library=BVB01&local_base=BVB01&doc_number=001761852&line_number=0001&func_code=DB_RECORDS&service_type=MEDIA"
          }
        ]
      }
    },
    {
      "856": {
        "ind1": "4",
        "ind2": "2",
        "subfields": [
          {
            "3": "Contributor biographical information"
          },
          {
            "u": "http://catdir.loc.gov/catdir/enhancements/fy0703/89018297-b.html"
          }
        ]
      }
    },
    {
      "856": {
        "ind1": "4",
        "ind2": "2",
        "subfields": [
          {
            "3": "Publisher description"
          },
          {
            "u": "http://catdir.loc.gov/catdir/description/random0410/89018297.html"
          }
        ]
      }
    },
    {
      "994": {
        "ind1": "\\",
        "ind2": "\\",
        "subfields": [
          {
            "a": "Z0"
          },
          {
            "b": "NYRVC"
          }
        ]
      }
    },
    {
      "948": {
        "ind1": "\\",
        "ind2": "\\",
        "subfields": [
          {
            "h": "NO HOLDINGS IN NYRVC - 2277 OTHER HOLDINGS"
          }
        ]
      }
    },
    {
      "999": {
        "ind1": "\\",
        "ind2": "\\",
        "subfields": [
          {
            "a": "00000000014392"
          }
        ]
      }
    }
  ]
}